%% This BibTeX bibliography file was created using BibDesk.
%% http://bibdesk.sourceforge.net/


%% Created for Guido at 2019-11-12 11:50:53 +0100 


%% Saved with string encoding Unicode (UTF-8) 



@incollection{Massam2000,
	Address = {Oxford},
	Author = {Massam, Diane},
	Booktitle = {The Syntax of Verb Initial Languages},
	Date-Added = {2016-12-24 13:58:53 +0000},
	Date-Modified = {2019-02-27 11:21:46 +0100},
	Editor = {Andrew Carnie and Eithne Guilfoyle},
	Pages = {97-116},
	Publisher = {Oxford University Press},
	Series = {Oxford Studies in Comparative Syntax},
	Title = {{VSO} versus {VOS}: Aspects of {N}iuean word order},
	Year = {2000}}

@book{Bobaljik2012,
	Address = {Cambridge, MA},
	Author = {Jonathan Bobaljik},
	Date-Added = {2016-10-15 19:51:15 +0000},
	Date-Modified = {2016-10-15 19:51:15 +0000},
	Publisher = {MIT Press},
	Title = {Universals In Comparative Morphology},
	Year = {2012}}

@article{belder:2011,
	Author = {De Belder, Marijke},
	Date-Added = {2015-11-21 11:57:38 +0000},
	Date-Modified = {2016-03-08 10:19:10 +0000},
	Doi = {10.1007/s10828-011-9045-0},
	Journal = {Journal of Comparative Germanic Linguistics},
	Pages = {173--202},
	Title = {A morphosyntactic decomposition of countability in {G}ermanic},
	Volume = {14},
	Year = {2011},
	Bdsk-Url-1 = {https://doi.org/10.1007/s10828-011-9045-0}}

@article{casali:1998a,
	Author = {Casali, Roderic},
	Date-Modified = {2019-11-12 11:43:15 +0100},
	Journal = {Chicago Linguistic Society (CLS)},
	Number = {1},
	Pages = {55-68},
	Title = {Predicting {ATR} Activity},
	Volume = {34},
	Year = {1998}}

@book{coetsem:2000,
	Address = {Heidelberg},
	Author = {van Coetsem, Frans},
	Date-Modified = {2016-01-22 22:14:58 +0000},
	Publisher = {Winter},
	Title = {A General and Unified Theory of the Transmission Process in Language Contact},
	Year = {2000}}

@unpublished{franks:2005,
	Author = {Franks, Steven},
	Date-Modified = {2016-07-05 12:52:45 +0000},
	Note = {Ms. Indiana University},
	Title = {Bulgarian Clitics are Positioned in the Syntax},
	Year = {2005},
	Bdsk-Url-1 = {http://www.cogs.indiana.edu/people/homepages/franks/Bg_clitics_remark_dense.pdf}}

@article{baker:1989,
	Author = {Baker, Mark and Johnson, Kyle and Roberts, Ian},
	Date-Modified = {2015-11-20 21:46:37 +0000},
	Journal = {Linguistic Inquiry},
	Pages = {219-251},
	Title = {Passive Arguments Raised},
	Volume = {20},
	Year = {1989}}

@book{lahiri:2000,
	Address = {Berlin},
	Date-Modified = {2016-12-25 14:07:42 +0000},
	Editor = {Lahiri, Aditi},
	Number = {127},
	Publisher = {Mouton de Gruyter},
	Series = {Trends in Linguistics},
	Title = {Analogy, Leveling, Markedness: {Principles} of Change in Phonology and Morphology},
	Year = {2000}}

@phdthesis{yu:2003,
	Address = {Berkeley, CA},
	Author = {Yu, Alan},
	Date-Modified = {2018-01-27 10:51:37 +0000},
	School = {University of California},
	Title = {The Morphology and Phonology of Infixation},
	Year = {2003}}
